% scibib.bib

% This is the .bib file used to compile the document "A simple Science
% template" (scifile.tex).  It is not intended as an example of how to
% set up your BibTeX file.




@article{costello_npjsba,
  author = "Z Costello and HG Martin",
  title = "A machine learning approach to predict metabolic pathway dynamics from time-series multiomics data",
  journal = {NPJ Syst Biol Appl},
  volume = {4},
  issue = {19},
  year = {2018},
  doi = {10.1038/s41540-018-0054-3}}

@article{funari_science,
  author = "V Funari and SJ Canosa",
  title = "The Importance of Bioinformatics in NGS: Breaking the Bottleneck in Data Interpretation",
  journal = {Science},
  pages = {653},
  volume = {344},
  issue = {6184},
  year = {2014},
  doi = {10.1126/science.344.6184.653-c}}

@article{byron_nrg,
  author = "SA Byron and KR Van Keuren-Jensen and DM Engelthaler and JD Carpten and DW Craig",
  title = "Translating RNA sequencing into clinical diagnostics: opportunities and challenges",
  journal = {Nat Rev Genet},
  pages = {392–393},
  volume = {17},
  issue = {6184},
  year = {2016},
  doi = {10.1038/nrg.2016.10}}

@article{ingolia_science,
  author = "NT Ingolia and S Ghaemmaghami and JR Newman and JS Weissman",
  title = "Genome-wide analysis in vivo of translation with nucleotide resolution using ribosome profiling",
  journal = {Science},
  pages = {218-223},
  volume = {324},
  issue = {5924},
  year = {2009},
  doi = {10.1126/science.1168978}}

@article{gerashchenko_nar,
  author = "MV Gerashchenko and VN Gladyshev",
  title = "Translation inhibitors cause abnormalities in ribosome profiling experiments",
  journal = {Nucleic Acids Res},
  volume = {42},
  issue = {17},
  year = {2014},
  doi = {10.1093/nar/gku671}}

@article{artieri_gr,
  author = "CG Artieri and HB Fraser",
  title = "Accounting for biases in riboprofiling data indicates a major role for proline in stalling translation",
  journal = {Genome Res},
  volume = {24},
  pages = {2011-2021},
  year = {2014},
  doi = {10.1101/gr.175893.114}}

@article{hussman_plosg,
  author = "JA Hussmann and S Patchett and A Johnson and S Sawyer and WH Press",
  title = "Understanding Biases in Ribosome Profiling Experiments Reveals Signatures of Translation Dynamics in Yeast",
  journal = {PLoS Genet},
  volume = {11},
  issue = {12},
  year = {2015},
  doi = {10.1371/journal.pgen.1005732}}

@article{ingolia_meth,
  author = "NJ McGlincy and NT Ingolia",
  title = "Transcriptome-wide measurement of translation by ribosome profiling",
  journal = {Methods},
  volume = {126},
  pages = {112-129},
  year = {2017},
  doi = {10.1016/j.ymeth.2017.05.028}}

@article{weinberg_reports,
  author = "DE Weinberg and P Shah and SW Eichhorn and JA Hussmann and JB Plotkin and DP Bartel",
  title = "Improved Ribosome-Footprint and mRNA Measurements Provide Insights into Dynamics and Regulation of Yeast Translation",
  journal = {Cell Rep},
  volume = {14},
  issue = {7},
  pages = {1787-1799},
  year = {2016},
  doi = {10.1016/j.celrep.2016.01.043}}

@article{taschuk_ploscb,
  author = "M Taschuk and G Wilson",
  title = "Ten simple rules for making research software more robust",
  journal = {PLoS Comput Biol},
  volume = {13},
  issue = {4},
  year = {2017},
  doi = {10.1371/journal.pcbi.1005412}}

@article{fastp,
  author = "S Chen and Y Zhou and Y Chen and J Gu",
  title = "fastp: an ultra-fast all-in-one FASTQ preprocessor",
  journal = {Bioinformatics},
  volume = {34},
  issue = {17},
  year = {2018},
  doi = {10.1093/bioinformatics/bty560}}

@article{star,
  author = "A Dobin and CA Davis and F Schlesinger and J Drenkow and C Zaleski and S Jha and P Batut and M Chaisson and TR Gingeras",
  title = "STAR: ultrafast universal RNA-seq aligner",
  journal = {Bioinformatics},
  pages = {15-21},
  volume = {29},
  issue = {1},
  year = {2013},
  doi = {10.1093/bioinformatics/bts635}}

@article{samtools,
  author = "H Li and B Handsaker and A Wysoker and T Fennell and J Ruan and N Homer and G Marth and G Abecasis and R Durbin and 1000 Genome Project Data Processing Subgroup",
  title = "The Sequence Alignment/Map format and SAMtools",
  journal = {Bioinformatics},
  pages = {2078-9},
  volume = {25},
  issue = {16},
  year = {2009},
  doi = {10.1093/bioinformatics/btp352}}

@article{bedtools,
  author = "AR Quinlan and IM Hall",
  title = "BEDTools: a flexible suite of utilities for comparing genomic features",
  journal = {Bioinformatics},
  pages = {841-2},
  volume = {26},
  issue = {6},
  year = {2010},
  doi = {10.1093/bioinformatics/btq033}}

@article{deeptools,
  author = "F Ram\'irez and F D{\"u}ndar and S Diehl and BA Gr{\"u}ning and T Manke",
  title = "deepTools: a flexible platform for exploring deep-sequencing data",
  journal = {Nucleic Acids Res},
  volume = {42},
  year = {2014},
  doi = {10.1093/nar/gku365}}

@article{htseq,
  author = "S Anders and PT Pyl and W Huber",
  title = "HTSeq--a Python framework to work with high-throughput sequencing data",
  journal = {Bioinformatics},
  pages = {166-9},
  volume = {31},
  issue = {2},
  year = {2015},
  doi = {10.1093/bioinformatics/btu638}}

@misc{fastqc,
  author = "S Andrews",
  title = "FastQC",
  year = {2010},
  howpublished = "\url{http://www.bioinformatics.babraham.ac.uk/projects/fastqc/}"}

@article{multiqc,
  author = "P Ewels and M Magnusson and S Lundin and Max K{\"a}ller",
  title = "MultiQC: summarize analysis results for multiple tools and samples in a single report",
  journal = {Bioinformatics},
  pages = {3047–3048},
  volume = {32},
  issue = {19},
  year = {2016},
  doi = {10.1093/bioinformatics/btw354}}

@article{dupradar,
  author = "S Sayols and D Scherzinger and H Klein",
  title = "dupRadar: a Bioconductor package for the assessment of PCR artifacts in RNA-Seq data",
  journal = {BMC Bioinformatics},
  pages = {428},
  volume = {17},
  issue = {1},
  year = {2016},
  doi = {10.1186/s12859-016-1276-2}}

@article{pandas,
  author = "W McKinney",
  title = "Data Structures for Statistical Computing in Python",
  journal = {Proc of the 9th Python in Science Conf},
  pages = {51-56},
  year = {2010}}

@misc{scipy,
  author = "E Jones and TE Oliphant and P Peterson and others",
  title = "SciPy: Open source scientific tools for Python",
  year = {2001},
  howpublished = "\url{http://www.scipy.org/}"}

@book{numpy1,
  author = "TE Oliphant",
  title = "A guide to NumPy",
  year = {2006},
  publisher = "Trelgol Publishing, USA"}

@article{numpy2,
  author = "S van der Walt and SC Colbert and G Varoquaux",
  title = "The NumPy Array: A Structure for Efficient Numerical Computation",
  journal = {Computing in Science Engineering},
  year = {2011},
  volume = {13},
  issue = {2},
  pages = {22-30}, }

@article{matplotlib,
  Author = "JD Hunter",
  Title = "Matplotlib: A 2D graphics environment",
  Journal = "Computing In Science \& Engineering",
  Volume = {9},
  Number = {3},
  Pages = {90-95},
  doi = {10.1109/MCSE.2007.55},
  year = {2007}}

@article{baruzzo_natmeth,
  Author = "G Baruzzo and KE Hayer and EJ Kim and BD Camillo and GA FitzGerald and GR Grant",
  Title = "Simulation-based comprehensive benchmarking of RNA-seq aligners",
  Journal = "Nat Methods",
  Volume = {14},
  Number = {2},
  Pages = {135–139},
  doi = {10.1038/nmeth.4106},
  year = {2017}}

@article{evans_briefbio,
  Author = "C Evans and J Hardin and DM Stoebel",
  Title = "Selecting between-sample RNA-Seq normalization methods from the perspective of their assumptions",
  Journal = "Brief Bioinform",
  Volume = {19},
  Number = {5},
  Pages = {776–792},
  doi = {10.1093/bib/bbx008},
  year = {2018}}

@article{deseq2,
  Author = "MI Love and W Huber and S Anders",
  Title = "Moderated estimation of fold change and dispersion for RNA-seq data with DESeq2",
  Journal = "Genome Biol",
  Volume = {15},
  Number = {12},
  doi = {10.1186/s13059-014-0550-8},
  year = {2014}}

@article{blast,
  Author = "SF Altschul and W Gish and W Miller and EW Myers and DJ Lipman",
  Title = "Basic local alignment search tool",
  Journal = "J Mol Biol.",
  Volume = {215},
  Number = {3},
  pages = {403-10},
  year = {1990}}

@article{seaborn,
  Author = "M Waskom and et al",
  Title = "seaborn",
  doi = {http://doi.org/10.5281/zenodo.1313201},
  year = {2012},
  howpublished = "\url{http://seaborn.pydata.org/}"}

@article{scikit_learn,
 Title = "Scikit-learn: Machine Learning in Python",
 Author = {F Pedregosa and G Varoquaux and A Gramfort and V Michel and
          B Thirion and O Grisel and M Blondel and P Prettenhofer and
          R Weiss and V Dubourg and J Vanderplas and A Passos and
          D Cournapeau and M Brucher and M Perrot and E Duchesnay},
 journal = "Journal of Machine Learning Research",
 volume = {12},
 pages = {2825-2830},
 year = {2011}}

@misc{readthedocs,
 title = "Read the Docs",
 howpublished = "\url{https://readthedocs.org/}"}

@article{isrib_riboseq,
 author = "C Sidrauski1 and AM McGeachy and NT Ingolia and P Walter",
 title = "The small molecule ISRIB reverses the effects of eIF2α phosphorylation on translation and stress granule assembly",
 journal = {eLIFE},
 year = {2015},
 doi = {10.7554/eLife.05033}}

@article{isrib_structure,
  author = "JC Tsai and LE Miller-Vedam and AA Anand and P Jaishankar and HC Nguyen and AR Renslo and A Frost and P Walter",
  title = "Structure of the nucleotide exchange factor eIF2B reveals mechanism of memory-enhancing molecule",
  journal = {Science},
  volume = {359},
  issue = {6383},
  year = {2018},
  doi = {10.1126/science.aaq0939}}

@article{isrib_neuroprotective,
 author = "A Choua and K Krukowskia and T Jopsona and PJ Zhue and M Costa-Mattiolie and P Walter and S Rosi",
 title = "Inhibition of the integrated stress response reverses cognitive deficits after traumatic brain injury",
 journal = {Proc Natl Acad Sci U S A},
 volume = {114},
 issue = {31},
 year = {2017},
 doi = {10.1073/pnas.1707661114}}

@article{isrib_activation,
  author = "HH Rabouw and MA Langereis and AA Anand and LJ Visser and RJ de Groot and P Walter and FJ van Kuppeveld",
  title = "Small molecule ISRIB suppresses the integrated stress response within a defined window of activation",
  journal = {Proc Natl Acad Sci U S A},
  volume = {116},
  issue = {6},
  year = {2019},
  doi = {10.1073/pnas.1815767116}}

@article{isr_disease,
  author = "D Santos-Ribeiro and L Godinas and C Pilette and F Perros",
  title = "The integrated stress response system in cardiovascular disease",
  journal = {Drug Discov Today},
  volume = {23},
  issue = {4},
  year = {2018},
  doi = {10.1016/j.drudis.2018.02.008}}

@article{alignment_benchmark,
  author = "G Baruzzo and K Hayer and E Kim and B Di Camillo and GA FitzGerald and GR Grant",
  title = "Simulation-based comprehensive benchmarking of RNA-seq aligners",
  journal = {Nat Methods},
  volume = {14},
  issue = {2},
  pages = {135-139},
  year = {2017},
  doi = {10.1038/nmeth.4106}}

@article{tophat2,
  author = "D Kim and G Pertea and C Trapnell and H Pimentel and R Kelley and SL Salzberg",
  title = "TopHat2: accurate alignment of transcriptomes in the presence of insertions, deletions and gene fusions",
  journal = {Genome Biol},
  volume = {14},
  year = {2013},
  doi = {10.1186/gb-2013-14-4-r36}}

@article{spearman_rnaseq,
  author = "F Liesecke and D Daudu and R Dugé de Bernonville and S Besseau and M Clastre and V Courdavault and JO de Craene and J Crèche and N Giglioli-Guivarc'h and G Glévarec and O Pichon and T Dugé de Bernonville",
  title = "Ranking genome-wide correlation measurements improves microarray and RNA-seq based global and targeted co-expression networks",
  journal = {Sci Rep},
  volume = {8},
  issue = {1},
  year = {2018},
  doi = {10.1038/s41598-018-29077-3}}

@inproceedings{statsmodels,
  title={Statsmodels: Econometric and Statistical Modeling with Python},
  author = {S Seabold and J Perktold},
  booktitle = {9th Python in Science Conference},
  year = {2010}}

@article{igv,
  author = "JT Robinson and H Thorvaldsdóttir and W Winckler and M Guttman and ES Lander and G Getz and JP Mesirov",
  title = "Integrative Genomics Viewer",
  journal = {Nat Biotechnol},
  volume = {29},
  issue = {1},
  pages = {24-26},
  year = {2011},
  doi = {10.1038/nbt.1754}}

@article{circligase_bias,
  author = "R Tunney and NJ McGlincy and ME Graham and N Naddaf and L Pachter and LF Lareau",
  title = "Accurate design of translational output by a neural network model of ribosome distribution",
  journal = {Nat Struct Mol Biol},
  volume = {25},
  issue = {7},
  pages = {577-582},
  year = {2018},
  doi = {10.1038/s41594-018-0080-2}}

@article{ribowaltz,
  author = "F Lauria and T Tebaldi and P Bernabò and EJN Groen and TH Gillingwater and G Viero",
  title = "riboWaltz: Optimization of ribosome P-site positioning in ribosome profiling data",
  journal = {PLoS Comput Biol},
  volume = {14},
  issue = {8},
  year = {2018},
  doi = {10.1371/journal.pcbi.1006169}}

@article{cufflinks,
  author = "C Trapnell and A Roberts and L Goff and G Pertea and D Kim and DR Kelley and H Pimentel and SL Salzberg and JL Rinn and L Pachter",
  title = "Differential gene and transcript expression analysis of RNA-seq experiments with TopHat and Cufflinks",
  journal = {Nat Protoc},
  volume = {7},
  issue = {3},
  year = {2012},
  doi = {10.1038/nprot.2012.016}}

@Misc{anaconda,
  author = "Anaconda",
  title = "Anaconda Software Distribution",
  howpublished = {\url{https://anaconda.com}}}

@article{count_benchmark,
  author = "C Robert and M Watson",
  title = "Errors in RNA-Seq quantification affect genes of relevance to human disease",
  journal = {Genome Biol},
  volume = {16},
  issue = {177},
  year = {2015},
  doi = {10.1186/s13059-015-0734-x}}

@article{umi,
  author = "Y Fu and PH Wu and T Beane and PD Zamore and Z Weng",
  title = "Elimination of PCR duplicates in RNA-seq and small RNA-seq using unique molecular identifiers",
  journal = {BMC Genomics},
  volume = {19},
  issue = {1},
  year = {2018},
  doi = {10.1186/s12864-018-4933-1}}

@article{sva,
  author = "JT Leek and WE Johnson and HS Parker and AE Jaffe and JD Storey",
  title = "The sva package for removing batch effects and other unwanted variation in high-throughput experiments",
  journal = {Bioinformatics},
  volume = {28},
  issue = {6},
  year = {2012},
  doi = {10.1093/bioinformatics/bts034}}


@article{plotly,
  author = "",
  title = "",
  journal = {},
  volume = {},
  issue = {},
  year = {},
  doi = {}}

@article{GEOparse,
  author = "",
  title = "",
  journal = {},
  volume = {},
  issue = {},
  year = {},
  doi = {}}

@article{sklearn,
  author = "",
  title = "",
  journal = {},
  volume = {},
  issue = {},
  year = {},
  doi = {}}
