% manubib.bib

@article{costello_npjsba,
  author = "Z Costello and HG Martin",
  title = "A machine learning approach to predict metabolic pathway dynamics from time-series multiomics data",
  journal = {NPJ Syst Biol Appl},
  volume = {4},
  issue = {19},
  year = {2018},
  doi = {Available from: https://doi.org/10.1038/s41540-018-0054-3}}

@article{funari_science,
  author = "V Funari and SJ Canosa",
  title = "The Importance of Bioinformatics in NGS: Breaking the Bottleneck in Data Interpretation",
  journal = {Science},
  pages = {653},
  volume = {344},
  issue = {6184},
  year = {2014},
  doi = {Available from: https://doi.org/10.1126/science.344.6184.653-c}}

@article{byron_nrg,
  author = "SA Byron and KR Van Keuren-Jensen and DM Engelthaler and JD Carpten and DW Craig",
  title = "Translating RNA sequencing into clinical diagnostics: opportunities and challenges",
  journal = {Nat Rev Genet},
  pages = {392–393},
  volume = {17},
  issue = {6184},
  year = {2016},
  doi = {Available from: https://doi.org/10.1038/nrg.2016.10}}

@article{ingolia_science,
  author = "NT Ingolia and S Ghaemmaghami and JR Newman and JS Weissman",
  title = "Genome-wide analysis in vivo of translation with nucleotide resolution using ribosome profiling",
  journal = {Science},
  pages = {218-223},
  volume = {324},
  issue = {5924},
  year = {2009},
  doi = {Available from: https://doi.org/10.1126/science.1168978}}

@article{gerashchenko_nar,
  author = "MV Gerashchenko and VN Gladyshev",
  title = "Translation inhibitors cause abnormalities in ribosome profiling experiments",
  journal = {Nucleic Acids Res},
  volume = {42},
  issue = {17},
  year = {2014},
  doi = {Available from: https://doi.org/10.1093/nar/gku671}}

@article{artieri_gr,
  author = "CG Artieri and HB Fraser",
  title = "Accounting for biases in riboprofiling data indicates a major role for proline in stalling translation",
  journal = {Genome Res},
  volume = {24},
  pages = {2011-2021},
  year = {2014},
  doi = {Available from: https://doi.org/10.1101/gr.175893.114}}

@article{hussman_plosg,
  author = "JA Hussmann and S Patchett and A Johnson and S Sawyer and WH Press",
  title = "Understanding Biases in Ribosome Profiling Experiments Reveals Signatures of Translation Dynamics in Yeast",
  journal = {PLoS Genet},
  volume = {11},
  issue = {12},
  year = {2015},
  doi = {Available from: https://doi.org/10.1371/journal.pgen.1005732}}

@article{ingolia_meth,
  author = "NJ McGlincy and NT Ingolia",
  title = "Transcriptome-wide measurement of translation by ribosome profiling",
  journal = {Methods},
  volume = {126},
  pages = {112-129},
  year = {2017},
  doi = {Available from: https://doi.org/10.1016/j.ymeth.2017.05.028}}

@article{weinberg_reports,
  author = "DE Weinberg and P Shah and SW Eichhorn and JA Hussmann and JB Plotkin and DP Bartel",
  title = "Improved Ribosome-Footprint and mRNA Measurements Provide Insights into Dynamics and Regulation of Yeast Translation",
  journal = {Cell Rep},
  volume = {14},
  issue = {7},
  pages = {1787-1799},
  year = {2016},
  doi = {Available from: https://doi.org/10.1016/j.celrep.2016.01.043}}

@article{taschuk_ploscb,
  author = "M Taschuk and G Wilson",
  title = "Ten simple rules for making research software more robust",
  journal = {PLoS Comput Biol},
  volume = {13},
  issue = {4},
  year = {2017},
  doi = {Available from: https://doi.org/10.1371/journal.pcbi.1005412}}

@article{fastp,
  author = "S Chen and Y Zhou and Y Chen and J Gu",
  title = "fastp: an ultra-fast all-in-one FASTQ preprocessor",
  journal = {Bioinformatics},
  volume = {34},
  issue = {17},
  year = {2018},
  doi = {Available from: https://doi.org/10.1093/bioinformatics/bty560}}

@article{star,
  author = "A Dobin and CA Davis and F Schlesinger and J Drenkow and C Zaleski and S Jha and P Batut and M Chaisson and TR Gingeras",
  title = "STAR: ultrafast universal RNA-seq aligner",
  journal = {Bioinformatics},
  pages = {15-21},
  volume = {29},
  issue = {1},
  year = {2013},
  doi = {Available from: https://doi.org/10.1093/bioinformatics/bts635}}

@article{samtools,
  author = "H Li and B Handsaker and A Wysoker and T Fennell and J Ruan and N Homer and G Marth and G Abecasis and R Durbin and 1000 Genome Project Data Processing Subgroup",
  title = "The Sequence Alignment/Map format and SAMtools",
  journal = {Bioinformatics},
  pages = {2078-9},
  volume = {25},
  issue = {16},
  year = {2009},
  doi = {Available from: https://doi.org/10.1093/bioinformatics/btp352}}

@article{bedtools,
  author = "AR Quinlan and IM Hall",
  title = "BEDTools: a flexible suite of utilities for comparing genomic features",
  journal = {Bioinformatics},
  pages = {841-2},
  volume = {26},
  issue = {6},
  year = {2010},
  doi = {Available from: https://doi.org/10.1093/bioinformatics/btq033}}

@article{deeptools,
  author = "F Ram\'irez and F D{\"u}ndar and S Diehl and BA Gr{\"u}ning and T Manke",
  title = "deepTools: a flexible platform for exploring deep-sequencing data",
  journal = {Nucleic Acids Res},
  volume = {42},
  year = {2014},
  doi = {Available from: https://doi.org/10.1093/nar/gku365}}

@article{htseq,
  author = "S Anders and PT Pyl and W Huber",
  title = "HTSeq--a Python framework to work with high-throughput sequencing data",
  journal = {Bioinformatics},
  pages = {166-9},
  volume = {31},
  issue = {2},
  year = {2015},
  doi = {Available from: https://doi.org/10.1093/bioinformatics/btu638}}

@misc{fastqc,
  author = "S Andrews",
  title = "FastQC",
  year = {2010},
  howpublished = "\url{http://www.bioinformatics.babraham.ac.uk/projects/fastqc/}"}

@article{multiqc,
  author = "P Ewels and M Magnusson and S Lundin and Max K{\"a}ller",
  title = "MultiQC: summarize analysis results for multiple tools and samples in a single report",
  journal = {Bioinformatics},
  pages = {3047–3048},
  volume = {32},
  issue = {19},
  year = {2016},
  doi = {Available from: https://doi.org/10.1093/bioinformatics/btw354}}

@article{dupradar,
  author = "S Sayols and D Scherzinger and H Klein",
  title = "dupRadar: a Bioconductor package for the assessment of PCR artifacts in RNA-Seq data",
  journal = {BMC Bioinformatics},
  pages = {428},
  volume = {17},
  issue = {1},
  year = {2016},
  doi = {Available from: https://doi.org/10.1186/s12859-016-1276-2}}

@article{pandas,
  author = "W McKinney",
  title = "Data Structures for Statistical Computing in Python",
  journal = {Proc of the 9th Python in Science Conf},
  pages = {51-56},
  year = {2010}}

@misc{scipy,
  author = "E Jones and TE Oliphant and P Peterson and others",
  title = "SciPy: Open source scientific tools for Python",
  year = {2001},
  howpublished = "\url{http://www.scipy.org/}"}

@book{numpy1,
  author = "TE Oliphant",
  title = "A guide to NumPy",
  year = {2006},
  publisher = "Trelgol Publishing, USA"}

@article{numpy2,
  author = "S van der Walt and SC Colbert and G Varoquaux",
  title = "The NumPy Array: A Structure for Efficient Numerical Computation",
  journal = {Computing in Science Engineering},
  year = {2011},
  volume = {13},
  issue = {2},
  pages = {22-30}, }

@article{matplotlib,
  Author = "JD Hunter",
  Title = "Matplotlib: A 2D graphics environment",
  Journal = "Computing In Science \& Engineering",
  Volume = {9},
  Number = {3},
  Pages = {90-95},
  doi = {Available from: https://doi.org/10.1109/MCSE.2007.55},
  year = {2007}}

@article{baruzzo_natmeth,
  Author = "G Baruzzo and KE Hayer and EJ Kim and BD Camillo and GA FitzGerald and GR Grant",
  Title = "Simulation-based comprehensive benchmarking of RNA-seq aligners",
  Journal = "Nat Methods",
  Volume = {14},
  Number = {2},
  Pages = {135–139},
  doi = {Available from: https://doi.org/10.1038/nmeth.4106},
  year = {2017}}

@article{evans_briefbio,
  Author = "C Evans and J Hardin and DM Stoebel",
  Title = "Selecting between-sample RNA-Seq normalization methods from the perspective of their assumptions",
  Journal = "Brief Bioinform",
  Volume = {19},
  Number = {5},
  Pages = {776–792},
  doi = {Available from: https://doi.org/10.1093/bib/bbx008},
  year = {2018}}

@article{deseq2,
  Author = "MI Love and W Huber and S Anders",
  Title = "Moderated estimation of fold change and dispersion for RNA-seq data with DESeq2",
  Journal = "Genome Biol",
  Volume = {15},
  Number = {12},
  doi = {Available from: https://doi.org/10.1186/s13059-014-0550-8},
  year = {2014}}

@article{blast,
  Author = "SF Altschul and W Gish and W Miller and EW Myers and DJ Lipman",
  Title = "Basic local alignment search tool",
  Journal = "J Mol Biol.",
  Volume = {215},
  Number = {3},
  pages = {403-10},
  year = {1990}}

@article{seaborn,
  Author = "M Waskom and et al",
  Title = "seaborn",
  doi = {Available from: https://doi.org/http://doi.org/10.5281/zenodo.1313201},
  year = {2012},
  howpublished = "\url{http://seaborn.pydata.org/}"}

@article{scikit_learn,
 Title = "Scikit-learn: Machine Learning in Python",
 Author = {F Pedregosa and G Varoquaux and A Gramfort and V Michel and
          B Thirion and O Grisel and M Blondel and P Prettenhofer and
          R Weiss and V Dubourg and J Vanderplas and A Passos and
          D Cournapeau and M Brucher and M Perrot and E Duchesnay},
 journal = "Journal of Machine Learning Research",
 volume = {12},
 pages = {2825-2830},
 year = {2011}}

@misc{readthedocs,
 title = "Read the Docs",
 howpublished = "\url{https://readthedocs.org/}"}

@article{isrib_riboseq,
 author = "C Sidrauski1 and AM McGeachy and NT Ingolia and P Walter",
 title = "The small molecule ISRIB reverses the effects of eIF2{\~a} phosphorylation on translation and stress granule assembly",
 journal = {eLife},
 year = {2015},
 doi = {Available from: https://doi.org/10.7554/eLife.05033}}

@article{isrib_structure,
  author = "JC Tsai and LE Miller-Vedam and AA Anand and P Jaishankar and HC Nguyen and AR Renslo and A Frost and P Walter",
  title = "Structure of the nucleotide exchange factor eIF2B reveals mechanism of memory-enhancing molecule",
  journal = {Science},
  volume = {359},
  issue = {6383},
  year = {2018},
  doi = {Available from: https://doi.org/10.1126/science.aaq0939}}

@article{isrib_neuroprotective,
 author = "A Choua and K Krukowskia and T Jopsona and PJ Zhue and M Costa-Mattiolie and P Walter and S Rosi",
 title = "Inhibition of the integrated stress response reverses cognitive deficits after traumatic brain injury",
 journal = {Proc Natl Acad Sci U S A},
 volume = {114},
 issue = {31},
 year = {2017},
 doi = {Available from: https://doi.org/10.1073/pnas.1707661114}}

@article{isrib_activation,
  author = "HH Rabouw and MA Langereis and AA Anand and LJ Visser and RJ de Groot and P Walter and FJ van Kuppeveld",
  title = "Small molecule ISRIB suppresses the integrated stress response within a defined window of activation",
  journal = {Proc Natl Acad Sci U S A},
  volume = {116},
  issue = {6},
  year = {2019},
  doi = {Available from: https://doi.org/10.1073/pnas.1815767116}}

@article{isr_disease,
  author = "D Santos-Ribeiro and L Godinas and C Pilette and F Perros",
  title = "The integrated stress response system in cardiovascular disease",
  journal = {Drug Discov Today},
  volume = {23},
  issue = {4},
  year = {2018},
  doi = {Available from: https://doi.org/10.1016/j.drudis.2018.02.008}}

@article{alignment_benchmark,
  author = "G Baruzzo and K Hayer and E Kim and B Di Camillo and GA FitzGerald and GR Grant",
  title = "Simulation-based comprehensive benchmarking of RNA-seq aligners",
  journal = {Nat Methods},
  volume = {14},
  issue = {2},
  pages = {135-139},
  year = {2017},
  doi = {Available from: https://doi.org/10.1038/nmeth.4106}}

@article{tophat2,
  author = "D Kim and G Pertea and C Trapnell and H Pimentel and R Kelley and SL Salzberg",
  title = "TopHat2: accurate alignment of transcriptomes in the presence of insertions, deletions and gene fusions",
  journal = {Genome Biol},
  volume = {14},
  year = {2013},
  doi = {Available from: https://doi.org/10.1186/gb-2013-14-4-r36}}

@article{spearman_rnaseq,
  author = "F Liesecke and D Daudu and R Dugé de Bernonville and S Besseau and M Clastre and V Courdavault and JO de Craene and J Crèche and N Giglioli-Guivarc'h and G Glévarec and O Pichon and T Dugé de Bernonville",
  title = "Ranking genome-wide correlation measurements improves microarray and RNA-seq based global and targeted co-expression networks",
  journal = {Sci Rep},
  volume = {8},
  issue = {1},
  year = {2018},
  doi = {Available from: https://doi.org/10.1038/s41598-018-29077-3}}

@inproceedings{statsmodels,
  title={Statsmodels: Econometric and Statistical Modeling with Python},
  author = {S Seabold, J Perktold},
  booktitle = {9th Python in Science Conference},
  year = {2010}}

@article{igv,
  author = "JT Robinson and H Thorvaldsdóttir and W Winckler and M Guttman and ES Lander and G Getz and JP Mesirov",
  title = "Integrative Genomics Viewer",
  journal = {Nat Biotechnol},
  volume = {29},
  issue = {1},
  pages = {24-26},
  year = {2011},
  doi = {Available from: https://doi.org/10.1038/nbt.1754}}

@article{circligase_bias,
  author = "R Tunney and NJ McGlincy and ME Graham and N Naddaf and L Pachter and LF Lareau",
  title = "Accurate design of translational output by a neural network model of ribosome distribution",
  journal = {Nat Struct Mol Biol},
  volume = {25},
  issue = {7},
  pages = {577-582},
  year = {2018},
  doi = {Available from: https://doi.org/10.1038/s41594-018-0080-2}}

@article{ribowaltz,
  author = "F Lauria and T Tebaldi and P Bernabò and EJN Groen and TH Gillingwater and G Viero",
  title = "riboWaltz: Optimization of ribosome P-site positioning in ribosome profiling data",
  journal = {PLoS Comput Biol},
  volume = {14},
  issue = {8},
  year = {2018},
  doi = {Available from: https://doi.org/10.1371/journal.pcbi.1006169}}

@article{cufflinks,
  author = "C Trapnell and A Roberts and L Goff and G Pertea and D Kim and DR Kelley and H Pimentel and SL Salzberg and JL Rinn and L Pachter",
  title = "Differential gene and transcript expression analysis of RNA-seq experiments with TopHat and Cufflinks",
  journal = {Nat Protoc},
  volume = {7},
  issue = {3},
  year = {2012},
  doi = {Available from: https://doi.org/10.1038/nprot.2012.016}}

@Misc{anaconda,
  author = "Anaconda",
  title = "Anaconda Software Distribution",
  howpublished = {\url{https://anaconda.com}}}

@article{count_benchmark,
  author = "C Robert and M Watson",
  title = "Errors in RNA-Seq quantification affect genes of relevance to human disease",
  journal = {Genome Biol},
  volume = {16},
  issue = {177},
  year = {2015},
  doi = {Available from: https://doi.org/10.1186/s13059-015-0734-x}}

@article{umitools,
  author = "TS Smith and A Heger and I Sudbery",
  title = "UMI-tools: Modelling sequencing errors in Unique Molecular Identifiers to improve quantification accuracy",
  journal = {Genome Res},
  volume = {27},
  issue = {3},
  year = {2017},
  doi = {Available from: https://doi.org/10.1101/gr.209601.116}}

@article{umi,
  author = "Y Fu and PH Wu and T Beane and PD Zamore and Z Weng",
  title = "Elimination of PCR duplicates in RNA-seq and small RNA-seq using unique molecular identifiers",
  journal = {BMC Genomics},
  volume = {19},
  issue = {1},
  year = {2018},
  doi = {Available from: https://doi.org/10.1186/s12864-018-4933-1}}

@article{sva,
  author = "JT Leek and WE Johnson and HS Parker and AE Jaffe and JD Storey",
  title = "The sva package for removing batch effects and other unwanted variation in high-throughput experiments",
  journal = {Bioinformatics},
  volume = {28},
  issue = {6},
  year = {2012},
  doi = {Available from: https://doi.org/10.1093/bioinformatics/bts034}}


@online{plotly,
  author = {Plotly Technologies Inc.},
  title = {Collaborative data science},
  publisher = {Plotly Technologies Inc.},
  address = {Montreal, QC},
  year = {2015},
  url = {https://plot.ly} }

@online{GEOparse,
  author = {R Gumienny},
  title = {GEOparse},
  howpublished = "\url{https://github.com/guma44/GEOparse}"}

@inproceedings{sklearn,
  author    = {L Buitinck and G Louppe and M Blondel,
               F Pedregosa and A Mueller and O Grisel,
               V Niculae and P Prettenhofer and A Gramfort
               and J Grobler and R Layton and J VanderPlas,
               A Joly and B Holt and G Varoquaux},
  title     = {{API} design for machine learning software: experiences from the scikit-learn
               project},
  booktitle = {ECML PKDD Workshop: Languages for Data Mining and Machine Learning},
  year      = {2013},
  pages = {108--122},
}

@article{atf4_translation,
  author = "PD Lu and HP Harding and D Ron",
  title = "Translation reinitiation at alternative open reading frames regulates gene expression in an integrated stress response",
  journal = {J Cell Biol},
  volume = {167},
  issue = {1},
  year = {2004},
  doi = {Available from: https://doi.org/10.1083/jcb.200408003}}

@online{encode_pipeline,
  title = "ENCODE",
  howpublished = {\url{https://www.encodeproject.org/rna-seq/}}}

@online{gdc_pipeline,
  title = "GDC",
  howpublished = {\url{https://docs.gdc.cancer.gov/Data/Bioinformatics_Pipelines/Expression_mRNA_Pipeline/}}}

@online{pavlidis_pipeline,
  title = "Pavlidis Lab",
  howpublished = {\url{https://github.com/PavlidisLab/rnaseq-pipeline} }}

@online{nfcore_pipeline,
  title = "Nextflow",
  howpublished = {\url{https://github.com/nf-core/rnaseq} }}

@online{umcu_pipeline,
  title = "UMCU Genetics",
  howpublished = {\url{https://github.com/UMCUGenetics/RNASeq} }}

@online{cellgeni_pipeline,
  title = "Cellular Genetics Informatics",
  howpublished = {\url{https://github.com/cellgeni/rnaseq}}}

@online{dnanexus_pipeline,
  title = "DNAnexus",
  howpublished = {\url{https://github.com/dnanexus/tophat_cufflinks_rnaseq}}}

@online{nextflow_pipeline,
  title = "Nextflow",
  howpublished = {\url{https://www.nextflow.io/example4.html}}}

@online{ensembl_canon,
  title = "Ensembl",
  howpublished = {\url{https://uswest.ensembl.org/Help/Glossary}}}

@article{eif2b_neuroprotective,
  author = "YL Wong and L LeBon and AM Basso and KL Kohlhaas and AL Nikkel and HM Robb and DL Donnelly-Roberts and J Prakash and AM Swensen and ND Rubinstein and S Krishnan and FE McAllister and NV Haste and JJ O'Brien and M Roy and A Ireland and JM Frost and L Shi and S Riedmaier and K Martin and MJ Dart and C Sidrauski",
  title = "eIF2B activator prevents neurological defects caused by a chronic integrated stress response",
  journal = {Elife},
  volume = {8},
  issue = {e42940},
  year = {2019},
  doi = {Available from: https://doi.org/10.7554/eLife.42940}}

@article{isrib_neuroprotective2,
  author = "M Halliday and H Radford and Y Sekine and J Moreno and N Verity and J le Quesne and CA Ortori and DA Barrett and C Fromont and PM Fischer and HP Harding and D Ron and GR Mallucci",
  title = "Partial restoration of protein synthesis rates by the small molecule ISRIB prevents neurodegeneration without pancreatic toxicity",
  journal = {Cell Death Dis},
  volume = {6},
  issue = {e1672},
  year = {2015},
  doi = {Available from: https://doi.org/10.1038/cddis.2015.49}}

@article{isrib_neuroprotective3,
  author = "C Sidrauski and D Acosta-Alvear and A Khoutorsky and P Vedantham and BR Hearn and H Li and K Gamache and CM Gallagher and KK Ang and C Wilson and V Okreglak and A Ashkenazi and B Hann and K Nader and MR Arkin and AR Renslo and N Sonenberg and P Walter",
  title = "Pharmacological brake-release of mRNA translation enhances cognitive memory",
  journal = {Elife},
  volume = {2},
  issue = {e00498},
  year = {2013},
  doi = {Available from: https://doi.org/10.7554/eLife.00498}}

@article{isrib_neuroprotective4,
  author = "Y Sekine and A Zyryanova and A Crespillo-Casado and PM Fischer and HP Harding and D Ron",
  title = "Stress responses. Mutations in a translation initiation factor identify the target of a memory-enhancing compound",
  journal = {Science},
  volume = {348},
  issue = {6238},
  year = {2015},
  doi = {Available from: https://doi.org/10.1126/science.aaa6986}}

@article{slc1a1_neurotoxic,
  author = "LP Vera-Portocarrero and CD Mills and Z Ye and SD Fullwood and DJ McAdoo and CE Hulsebosch and KN Westlund",
  title = "Rapid changes in expression of glutamate transporters after spinal cord injury",
  journal = {Brain Res},
  volume = {927},
  issue = {1},
  year = {2002},
  doi = {Available from: https://doi.org/10.1016/S0006-8993(01)03329-7}}

@article{htra1_neurotoxic1,
  author = "J Chen and S Van Gulden and TL McGuire and AC Fleming and C Oka and JA Kessler and CY Peng",
  title = "BMP-Responsive Protease HtrA1 Is Differentially Expressed in Astrocytes and Regulates Astrocytic Development and Injury Response",
  journal = {J Neurosci},
  volume = {38},
  issue = {15},
  year = {2018},
  doi = {Available from: https://doi.org/10.1523/JNEUROSCI.2031-17.2018.}}

@article{htra1_neurotoxic2,
  author = "SS Mu{\~n}oz and H Li and K Ruberu and Q Chu and A Saghatelian and L Ooi and B Garner",
  title = "The serine protease HtrA1 contributes to the formation of an extracellular 25-kDa apolipoprotein E fragment that stimulates neuritogenesis",
  journal = {J Biol Chem},
  volume = {293},
  issue = {11},
  year = {2018},
  doi = {Available from: https://doi.org/10.1074/jbc.RA117.001278}}

@article{fp_range,
  author = "CCC Wu and B Zinshteyn and KA Wehner and R Green",
  title = "High-Resolution Ribosome Profiling Defines Discrete Ribosome Elongation States and Translational Regulation during Cellular Stress",
  journal = {Mol Cell},
  volume = {73},
  issue = {5},
  year = {2019},
  doi = {Available from: https://doi.org/10.1016/j.molcel.2018.12.009}}

@article{harding_isr,
  author = "HP Harding and Y Zhang and H Zeng and I Novoa and PD Lu and M Calfon and N Sadri and C Yun and B Popko and R Paules and DF Stojdl and JC Bell and T Hettmann and JM Leiden and D Ron",
  title = "An integrated stress response regulates amino acid metabolism and resistance to oxidative stress",
  journal = {Mol Cell},
  volume = {11},
  issue = {3},
  year = {2003},
  doi = {Available from: https://doi.org/10.1016/S1097-2765(03)00105-9}}

@article{galaxy,
  title = {The Galaxy platform for accessible, reproducible and collaborative biomedical analyses: 2018 update},
  author = {E Afgan and D Baker and B Batut and M van den Beek and D Bouvier and M \v{C}ech and J Chilton and D Clements and N Coraor and BA Gr\"uning and A Guerler and J Hillman-Jackson and S Hiltemann and V Jalili and H Rasche and N Soranzo and J Goecks and J Taylor and A Nekrutenko and D Blankenberg},
  journal = {Nucleic Acids Res.},
  doi = {Available from: https://doi.org/10.1093/nar/gky379},
  volume = {46},
  number = {W1},
  pages = {W537-W544},
  year = {2018},
  url = {https://doi.org/10.1093/nar/gky379},
  publisher = {Oxford University Press}}

@article{genomicalign,
    title = {Software for Computing and Annotating Genomic Ranges},
    author = {M Lawrence and W Huber and H Pag\`es and P Aboyoun and M Carlson and R Gentleman and M Morgan and V Carey},
    year = {2013},
    journal = {{PLoS} Computational Biology},
    volume = {9},
    issue = {8},
    doi = {Available from: https://doi.org/10.1371/journal.pcbi.1003118},
    url = {http://www.ploscompbiol.org/article/info%3Adoi%2F10.1371%2Fjournal.pcbi.1003118},
  }

@online{aws,
  title = "Amazon Web Services",
  howpublished = {\url{https://aws.amazon.com}}}

@online{manuscript,
  title = "Manuscript code",
  howpublished = {\url{https://github.com/XPRESSyourself/xpressyourself_manuscript/tree/master/supplemental_files}},
  doi = {Available from: https://doi.org/DOI: 10.5281/zenodo.3337599}}

@online{tcga,
  title = "The Cancer Genome Atlas",
  howpublished = {\url{https://portal.gdc.cancer.gov}}}

@online{dbgap,
  title = "Database of Genotypes and Phenotypes",
  howpublished = {\url{https://www.ncbi.nlm.nih.gov/gap/}}}

@online{ensembl,
  author = "Ensembl",
  howpublished = {\url{https://uswest.ensembl.org}}}

@online{xpressyourself,
  title = "XPRESSyourself",
  howpublished = {\url{https://github.com/XPRESSyourself/}}}

@online{documentation,
  title = "XPRESSpipe documentation",
  howpublished = {\url{https://xpresspipe.readthedocs.io/en/latest/}}}

@online{genecards,
  title = "GeneCards",
  howpublished = {\url{https://www.genecards.org/}},
  urldate = {Accessed 27 June 2019}}

@online{uniprot,
  title = "UniProt",
  howpublished = {\url{https://www.uniprot.org/uniprot/}},
  urldate = {Accessed 27 June 2019}}

@online{ncbi,
  title = "National Center for Biotechnology Information",
  howpublished = {\url{https://www.ncbi.nlm.nih.gov/gene/}},
  urldate = {Accessed 27 June 2019}}

@online{aws_ec2,
  title = "Amazon Web Services EC2 Computing",
  howpublished = {\url{https://aws.amazon.com/ec2/pricing/on-demand/}},
  urldate = {Accessed 18 July 2019}}

@online{aws_s3,
  title = "Amazon Web Services S3 Storage",
  howpublished = {\url{https://aws.amazon.com/s3/pricing/}},
  urldate = {Accessed 18 July 2019}}

@online{isrib_geo,
  title = "Ribosome Profiling GEO Accession",
  howpublished = {\url{https://www.ncbi.nlm.nih.gov/geo/query/acc.cgi?acc=GSE65778}}}

@online{tcga_data,
  title = "TCGA dbGaP Accession",
  howpublished = {\url{(https://www.ncbi.nlm.nih.gov/projects/gap/cgi-bin/study.cgi?study\_id=phs000178.v10.p8)}}}

@online{xpresspipe_docs,
  title = "XPRESSpipe documentation",
  howpublished = {\url{https://xpresspipe.readthedocs.io/en/latest/}}}

@online{xpressplot_docs,
  title = "XPRESSplot documentation",
  howpublished = {\url{https://xpressplot.readthedocs.io/en/latest/}}}

@article{ribogalaxy,
  title = {RiboGalaxy: A browser based platform for the alignment, analysis and visualization of ribosome profiling data},
  author = {AM Michel and JP Mullan and V Velayudhan and PB O'Connor and CA Donohue and PV Baranov},
  journal = {RNA Biol},
  doi = {Available from: https://doi.org/10.1080/15476286.2016.1141862},
  volume = {13},
  issue = {3},
  pages = {316-319},
  year = {2016}}

@article{riboseq_overview,
  title = {Ribosome profiling reveals the what, when, where and how of protein synthesis},
  author = {GA Brar and JS Weissman},
  journal = {Nat Rev Mol Cell Biol},
  doi = {Available from: https://doi.org/10.1038/nrm4069.},
  volume = {16},
  issue = {1},
  pages = {651-664},
  year = {2015}}

@article{riboviz,
  title = {riboviz: analysis and visualization of ribosome profiling datasets},
  author = {O Carja and T Xing and EWJ Wallace and JB Plotkin and P Shah},
  journal = {BMC Bioinformatics},
  doi = {Available from: https://doi.org/10.1186/s12859-017-1873-8.},
  volume = {18},
  issue = {1},
  year = {2017}}

@article{pausepred,
  title = {PausePred and Rfeet: webtools for inferring ribosome pauses and visualizing footprint density from ribosome profiling data},
  author = {R Kumari and AM Michel and PV Baranov},
  journal = {RNA},
  doi = {Available from: https://doi.org/10.1261/rna.065235.117.},
  volume = {24},
  issue = {10},
  year = {2018}}

@article{anota2seq,
  title = {Generally applicable transcriptome-wide analysis of translation using anota2seq},
  author = {C Oertlin and J Lorent and C Murie and L Furic and I Topisirovic and O Larsson},
  journal = {Nucleic Acids Res},
  doi = {Available from: https://doi.org/10.1093/nar/gkz223.},
  volume = {47},
  issue = {12},
  year = {2019}}

@article{riboprofiling,
  title = {RiboProfiling: a Bioconductor package for standard Ribo-seq pipeline processing},
  author = {A Popa and K Lebrigand and A Paquet and N Nottet and K Robbe-Sermesant and R Waldmann and P Barbry},
  journal = {F1000Res},
  doi = {Available from: https://doi.org/10.12688/f1000research.8964.1.},
  volume = {5},
  year = {2016}}

@article{riborex,
  title = {Riborex: fast and flexible identification of differential translation from Ribo-seq data},
  author = {W Li and W Wang and PJ Uren and LOF Penalva and AD Smith},
  journal = {Bioinformatics},
  doi = {Available from: https://doi.org/10.1093/bioinformatics/btx047.},
  volume = {33},
  issue = {11},
  year = {2017}}

@article{mqc,
  title = {mQC: A post-mapping data exploration tool for ribosome profiling},
  author = {S Verbruggen and G Menschaert},
  journal = {Comput Methods Programs Biomed},
  doi = {Available from: https://doi.org/10.1016/j.cmpb.2018.10.018.},
  year = {2018}}

@article{shoelaces,
  title = {Shoelaces: an interactive tool for ribosome profiling processing and visualization},
  author = {{\AA} Birkeland and K Chy{\.Z}y{\'n}ska and E Valen},
  journal = {BMC Genomics},
  doi = {Available from: https://doi.org/10.1186/s12864-018-4912-6.},
  volume = {19},
  issue = {1},
  year = {2018}}

@article{supertranscripts,
  title = {SuperTranscripts: a data driven reference for analysis and visualisation of transcriptomes},
  author = {NM Davidson and ADK Hawkins and A Oshlack},
  journal = {Genome Biol},
  doi = {Available from: https://doi.org/10.1186/s13059-017-1284-1.},
  volume = {18},
  issue = {1},
  year = {2017}}

@article{systempiper,
  title = {systemPipeR: NGS workflow and report generation environment},
  author = {TWH Backman and T Girke},
  journal = {BMC Bioinformatics},
  doi = {Available from: https://doi.org/10.1186/s12859-016-1241-0.},
  volume = {17},
  year = {2016}}

@online{orfik,
  title = "ORFik: Open Reading Frames in Genomics",
  author = {H Tjeldnes and K Labun},
  howpublished = {\url{https://github.com/JokingHero/ORFik}},
  doi = {Available from: https://doi.org/10.18129/B9.bioc.ORFik.},
  year = {2017}}

@article{comet_1,
  title = {coMET: an R plotting package to visualize regional plots of epigenome-wide association scan results},
  author = {TC Martin and I Erte and PC Tsai and JT Bell},
  journal = {QG14},
  doi = {Available from: http://quantgen.soc.srcf.net/qg14/.},
  year = {2014}}

@article{comet_2,
  title = {coMET: visualisation of regional epigenome-wide association scan results and DNA co-methylation patterns},
  author = {TC Martin and I Yet and PC Tsai and JT Bell},
  journal = {BMC Bioinformatics},
  doi = {Available from: https://doi.org/10.1186/s12859-015-0568-2.},
  volume = {16},
  year = {2015}}

@online{riboseqr,
  title = "riboSeqR",
  author = {TJ Hardcastle},
  doi = {Available from: https://doi.org/10.18129/B9.bioc.riboSeqR.}}

@online{picard,
  title = "Picard",
  howpublished = {\url{https://broadinstitute.github.io/picard/}}}

@article{rose,
  title = {Analysis of Ribosome Stalling and Translation Elongation Dynamics by Deep Learning},
  author = {S Zhang and H Hu and J Zhou and X He and T Jiang and J Zeng},
  journal = {Cell Syst},
  doi = {Available from: https://doi.org/10.1016/j.cels.2017.08.004.},
  volume = {5},
  issue = {3},
  year = {2017}}

@article{rust,
  title = {Comparative survey of the relative impact of mRNA features on local ribosome profiling read density},
  author = {PB O'Connor and DE Andreev and PV Baranov},
  journal = {Nat Commun},
  doi = {Available from: https://doi.org/10.1038/ncomms12915.},
  volume = {7},
  year = {2016}}

@article{xtail,
  title = {Genome-wide assessment of differential translations with ribosome profiling data},
  author = {Z Xiao and Q Zou and Y Liu and X Yang},
  journal = {Nat Commun},
  doi = {Available from: https://doi.org/10.1038/ncomms11194.},
  volume = {7},
  year = {2016}}

@article{ribodiff,
  title = {RiboDiff: detecting changes of mRNA translation efficiency from ribosome footprints},
  author = {Y Zhong and T Karaletsos and P Drewe and VT Sreedharan and D Kuo and K Singh and HG Wendel and G Rätsch},
  journal = {Bioinformatics},
  doi = {Available from: https://doi.org/10.1093/bioinformatics/btw585.},
  volume = {33},
  issue = {1},
  year = {2017}}

@article{ribotaper,
  title = {Detecting actively translated open reading frames in ribosome profiling data},
  author = {L Calviello and N Mukherjee and E Wyler and H Zauber and A Hirsekorn and M Selbach and M Landthaler and B Obermayer and U Ohler},
  journal = {Nat Methods},
  doi = {Available from: https://doi.org/10.1038/nmeth.3688.},
  volume = {13},
  issue = {2},
  year = {2016}}

@article{ribomap_1,
  title = {Isoform-level ribosome occupancy estimation guided by transcript abundance with Ribomap},
  author = {H Wang and J McManus and C Kingsford},
  journal = {Bioinformatics},
  doi = {Available from: https://doi.org/10.1093/bioinformatics/btw085.},
  volume = {32},
  issue = {12},
  year = {2016}}

@article{ribomap_2,
  title = {Exploring Ribosome Positioning on Translating Transcripts with Ribosome Profiling},
  author = {P Spealman and H Wang and G May and C Kingsford and CJ McManus},
  journal = {Methods Mol Biol},
  doi = {Available from: https://doi.org/10.1007/978-1-4939-3067-8\_5.},
  volume = {1358},
  year = {2016}}

@article{plastid,
  title = {Plastid: nucleotide-resolution analysis of next-generation sequencing and genomics data},
  author = {JG Dunn and JS Weissman},
  journal = {BMC Genomics},
  doi = {Available from: https://doi.org/https://doi.org/10.1186/s12864-016-3278-x.},
  volume = {17},
  issue = {1},
  year = {2016}}

@online{matvenn,
  author = {K Tretyakov},
  title = {matplotlib-venn},
  howpublished = "\url{https://github.com/konstantint/matplotlib-venn}"}
